% Encoding: UTF-8

@article{kattenborn2021review,
  title={Review on Convolutional Neural Networks (CNN) in vegetation remote sensing},
  author={Kattenborn, Teja and Leitloff, Jens and Schiefer, Felix and Hinz, Stefan},
  journal={ISPRS journal of photogrammetry and remote sensing},
  volume={173},
  pages={24--49},
  year={2021},
  publisher={Elsevier}
}

@article{bhatt2021cnn,
  title={CNN variants for computer vision: History, architecture, application, challenges and future scope},
  author={Bhatt, Dulari and Patel, Chirag and Talsania, Hardik and Patel, Jigar and Vaghela, Rasmika and Pandya, Sharnil and Modi, Kirit and Ghayvat, Hemant},
  journal={Electronics},
  volume={10},
  number={20},
  pages={2470},
  year={2021},
  publisher={MDPI}
}

@inproceedings{ding2022scaling,
  title={Scaling up your kernels to 31x31: Revisiting large kernel design in cnns},
  author={Ding, Xiaohan and Zhang, Xiangyu and Han, Jungong and Ding, Guiguang},
  booktitle={Proceedings of the IEEE/CVF conference on computer vision and pattern recognition},
  pages={11963--11975},
  year={2022}
}

@article{kumar2021convolutional,
  title={Convolutional neural network with batch normalisation for fault detection in squirrel cage induction motor},
  author={Kumar, Prashant and Shankar Hati, Ananda},
  journal={IET electric power applications},
  volume={15},
  number={1},
  pages={39--50},
  year={2021},
  publisher={Wiley Online Library}
}

@article{khan2019regularization,
  title={Regularization of deep neural networks with spectral dropout},
  author={Khan, Salman H and Hayat, Munawar and Porikli, Fatih},
  journal={Neural Networks},
  volume={110},
  pages={82--90},
  year={2019},
  publisher={Elsevier}
}

@inproceedings{ide2017improvement,
  title={Improvement of learning for CNN with ReLU activation by sparse regularization},
  author={Ide, Hidenori and Kurita, Takio},
  booktitle={2017 international joint conference on neural networks (IJCNN)},
  pages={2684--2691},
  year={2017},
  organization={IEEE}
}

@Comment{jabref-meta: databaseType:bibtex;}
